% This sample bib file is taken from the "Dissertation-Template-KIT", licensed under MIT license, (c) 2019 Grinberg, Michael
%
% Source:
% https://gitlab-ext.iosb.fraunhofer.de/grinbe/Dissertation-Template-KIT/raw/5257bda3baf14443b4977ab674f9b4c3296407e2/bib/example.bib
%
% Permission is hereby granted, free of charge, to any person obtaining a copy
of this template and associated documentation files (the "Template"), to deal
in the Template without restriction, including without limitation the rights
to use, copy, modify, merge, publish, distribute, sublicense, and/or sell
copies of the Template, and to permit persons to whom the Template is
furnished to do so, subject to the following conditions:

The above copyright notice and this permission notice shall be included in all
copies or substantial portions of the Template.

THE TEMPLATE IS PROVIDED "AS IS", WITHOUT WARRANTY OF ANY KIND, EXPRESS OR
IMPLIED, INCLUDING BUT NOT LIMITED TO THE WARRANTIES OF MERCHANTABILITY,
FITNESS FOR A PARTICULAR PURPOSE AND NONINFRINGEMENT. IN NO EVENT SHALL THE
AUTHORS OR COPYRIGHT HOLDERS BE LIABLE FOR ANY CLAIM, DAMAGES OR OTHER
LIABILITY, WHETHER IN AN ACTION OF CONTRACT, TORT OR OTHERWISE, ARISING FROM,
OUT OF OR IN CONNECTION WITH THE TEMPLATE OR THE USE OR OTHER DEALINGS IN THE
TEMPLATE.
%
%
%

% This file was created with JabRef 2.10.
% Encoding: UTF8

@book{SoftwaretechnikBroy,
	title={Einf{\"u}hrung in die Softwaretechnik},
	author={Broy, Manfred and Kuhrmann, Marco},
	year={2021},
	publisher={Springer}
}

@book{Sommerville,
	title={Software Engineering},
	author={Sommerville, Ian},
	year={2018},
	publisher={Pearson}
}

@book{ISWLeitfaden,
	title={Leitfaden f{\"u}r die Anfertigung studentischer Arbeiten am ISW},
	author={Verl, Prof. Dr.-Ing Alexander and Riedel, Prof. Dr.-Ing. Oliver},
	year={2020},
	publisher={ISW Stuttgart}
}

@book{hering2012elektrotechnik,
	title={Elektrotechnik und Elektronik f{\"u}r Maschinenbauer},
	author={Hering, Ekbert and Martin, Rolf and Gutekunst, J{\"u}rgen and Kempkes, Joachim},
	year={2017},
	publisher={Springer}
}

@incollection{IT-Sicherheit,
	title={Einf{\"u}hrung in die Netzwerksicherheit},
	author={Wendzel, Steffen},
	booktitle={IT-Sicherheit f{\"u}r TCP/IP-und IoT-Netzwerke: Grundlagen, Konzepte, Protokolle, H{\"a}rtung},
	year={2018},
	publisher={Springer}
}

@book{harnisch2009netzwerktechnik,
	title={Netzwerktechnik},
	author={Harnisch, Carsten},
	year={2009},
	publisher={mitp Verlags GmbH \& Co. KG}
}

@article{riggert2002rechnernetze,
	title={Rechnernetze},
	author={Riggert, Wolfgang},
	journal={Fachbuchverlag Leipzig},
	year={2002}
}

@article{kim2016service,
	title={Service-provider intelligent humanoid robot using TCP/IP and CORBA},
	author={Kim, Dong W and Lee, Ho-Dong and de Silva, Clarence W and Park, Jong-Wook},
	journal={International Journal of Control, Automation and Systems},
	volume={14},
	pages={608--615},
	year={2016},
	publisher={Springer}
}

@inproceedings{groza2008using,
	title={Using a cryptographic authentication protocol for the secure control of a robot over TCP/IP},
	author={Groza, Bogdan and Dragomir, Toma-Leonida},
	booktitle={2008 IEEE International Conference on Automation, Quality and Testing, Robotics},
	volume={1},
	pages={184--189},
	year={2008},
	organization={IEEE}
}

@article{ethercat,
	title={EtherCAT System-Dokumentation Version 5.6},
	author={Beckhoff},
	journal={Beckhoff Automation GmbH \& Co. KG},
	year={2002}
}

@article{Bridge,
	title={EtherCAT Bridge Terminal Documentation - Version 3.4},
	author={Beckhoff},
	journal={Beckhoff Automation GmbH \& Co. KG},
	year={2002}
}

@incollection{industrie40,
	title={Internet of Things und Industrie 4.0},
	author={Babel, Wolfgang},
	booktitle={Internet of Things und Industrie 4.0},
	year={2023},
	publisher={Springer}
}

@manual{OPCUA,
	title = {Was ist OPC UA? Definition, Architektur und Anwendung},
	author = {Hoppe Stefan and Schreier, JÃ¼rgen },
	year = {2019},
	url = {https://www.industry-of-things.de/was-ist-opc-ua-definition-architektur-und-anwendung-a-727188/},
	langid =  {ngerman},
	note = "[Online, aufgerufen am 18. Dezember 2023]"
}

@manual{StaubliUberUns,
	title = {St{\"a}ubli - {\"U}ber uns},
	author = {St{\"a}ubli International AG},
	url = {https://www.staubli.com/de/de/about-us.html},
	langid =  {ngerman},
	note = "[Online, aufgerufen am 19. Dezember 2023]"
}

@manual{StaubliProduktubersicht,
	title = {St{\"a}ubli - Produkt{\"u}bersicht},
	author = {St{\"a}ubli International AG},
	url = {https://www.staubli.com/content/dam/robotics/products/Product-range-DE.pdf},
	langid =  {ngerman},
	note = "[Online, aufgerufen am 19. Dezember 2023]"
}

@book{X90,
	title={Roboterarm - Baureihe TX 90 Betriebsanleitung},
	author={St{\"a}ubli},
	year={2019},
	publisher={St{\"a}ubli International AG}
}

@book{CS9,
	title={Controller CS9 Betriebsanleitung},
	author={St{\"a}ubli},
	year={2022},
	publisher={St{\"a}ubli International AG}
}


@book{VAL3,
	title={VAL 3 - Handbuch},
	author={St{\"a}ubli},
	year={2022},
	publisher={St{\"a}ubli International AG}
}

@book{CS9_TCP,
	title={socket TCP-IP Technical documentation},
	author={St{\"a}ubli},
	year={2019},
	publisher={St{\"a}ubli International AG}
}

%

@manual{Marktanteile_HMS,
  title = {Profinet jetzt vor EtherNet/IP - Industrial Ethernet legt weiter zu},
  author = {HMS Networks},
  year = {2021},
	url = {https://wirautomatisierer.industrie.de/industrial-ethernet/profinet-jetzt-vor-ethernet-ip-industrial-ethernet-legt-weiter-zu/#slider-intro-1},
  langid =  {ngerman},
  note = "[Online, aufgerufen am 01. Dezember 2023]"
}

@article{dopatka2008framework,
	title={Ein Framework f{\"u}r echtzeitf{\"a}hige Ethernet-Netzwerke in der Automatisierungstechnik mit variabler Kompatibilit{\"a}t zu Standard-Ethernet},
	author={Dopatka, Frank},
	year={2008}
}

@manual{Echtzeit,
	title = {Echtzeit-Ethernet-Kommunikation},
	author = {KUNBUS GmbH},
	year = {-},
	url = https://www.kunbus.de/echtzeitkommunikation,
	langid =  {ngerman},
	note = "[Online, aufgerufen am 01. Dezember 2023]"
}




